@techreport{gentzkow2014measuring,
  title={Measuring the sensitivity of parameter estimates to sample statistics},
  author={Gentzkow, Matthew and Shapiro, Jesse M},
  year={2015},
  institution={National Bureau of Economic Research}
}

@book{fernholz2012mises,
  title={Von Mises calculus for statistical functionals},
  author={Fernholz, Luisa Turrin},
  volume={19},
  year={2012},
  publisher={Springer Science \& Business Media}
}

@book{imbens2015causal,
  title={Causal Inference in Statistics, Social, and Biomedical Sciences},
  author={Imbens, Guido W and Rubin, Donald B},
  year={2015},
  publisher={Cambridge University Press}
}

@article{athey2015measure,
  title={A Measure of Robustness to Misspecification},
  author={Athey, Susan and Imbens, Guido},
  journal={American Economic Review},
  volume={105},
  number={5},
  pages={476--80},
  year={2015},
  publisher={American Economic Association}
}

@article{liitiainen2008nonparametric,
  title={On nonparametric residual variance estimation},
  author={Liiti{\"a}inen, Elia and Corona, Francesco and Lendasse, Amaury},
  journal={Neural Processing Letters},
  volume={28},
  number={3},
  pages={155--167},
  year={2008},
  publisher={Springer}
}

@article{lalonde1986evaluating,
  title={Evaluating the econometric evaluations of training programs with experimental data},
  author={LaLonde, Robert J},
  journal={The American economic review},
  pages={604--620},
  year={1986},
  publisher={JSTOR}
}

@article{dehejia1999causal,
  title={Causal effects in nonexperimental studies: Reevaluating the evaluation of training programs},
  author={Dehejia, Rajeev H and Wahba, Sadek},
  journal={Journal of the American statistical Association},
  volume={94},
  number={448},
  pages={1053--1062},
  year={1999},
  publisher={Taylor \& Francis Group}
}

@article{hansen1982large,
  title={Large sample properties of generalized method of moments estimators},
  author={Hansen, Lars Peter},
  journal={Econometrica: Journal of the Econometric Society},
  pages={1029--1054},
  year={1982},
  publisher={JSTOR}
}

@book{anatolyev2011methods,
  title={Methods for estimation and inference in modern econometrics},
  author={Anatolyev, Stanislav and Gospodinov, Nikolay},
  year={2011},
  publisher={CRC Press}
}

@article{abadie2006large,
  title={Large sample properties of matching estimators for average treatment effects},
  author={Abadie, Alberto and Imbens, Guido W},
  journal={Econometrica},
  volume={74},
  number={1},
  pages={235--267},
  year={2006},
  publisher={Wiley Online Library}
}

@book{bickel1993efficient,
  title={Efficient and adaptive estimation for semiparametric models},
  author={Bickel, Peter J and Klaassen, Chris AJ and Bickel, Peter J and Ritov, Y and Klaassen, J and Wellner, Jon A and Ritov, YA'Acov},
  year={1993},
  publisher={Johns Hopkins University Press Baltimore}
}

@book{boucheron2013concentration,
  title={Concentration inequalities: A nonasymptotic theory of independence},
  author={Boucheron, St{\'e}phane and Lugosi, G{\'a}bor and Massart, Pascal},
  year={2013},
  publisher={OUP Oxford}
  }

@article{leamer1983let,
  title={Let's take the con out of econometrics},
  author={Leamer, Edward E},
  journal={The American Economic Review},
  pages={31--43},
  year={1983},
  publisher={JSTOR}
}
